@Book{world2006neurological,
  Title                    = {Neurological Disorders: Public Health Challenges},
  Author                   = {WHO},
  Publisher                = {World Health Organization},
  Year                     = {2006},
  Series                   = {Nonserial Publication},

  Lccn                     = {2007416445},
  Owner                    = {leonardo},
  Timestamp                = {2015.03.02}
}

@Article{bradykynesia2008,
  Title                    = {Increased bradykinesia in Parkinson's disease with increased movement complexity: elbow flexion-extension movements},
  Author                   = {Moroney, Rachel and Heida, Ciska and Geelen, Jan},
  Journal                  = {Journal of Computational Neuroscience},
  Year                     = {2008},
  Number                   = {3},
  Volume                   = {25} 
}

@Article{ambulatory2010,
  Title                    = {Ambulatory Monitoring of Activities and Motor Symptoms in Parkinson's Disease},
  Author                   = {Zwartjes, D.G.M. and Heida, T. and van Vugt, J.P.P. and Geelen, J.A.G. and Veltink, P.H.},
  Journal                  = {IEEE Transactions on Biomedical Engineering},
  Year                     = {2010},
  Number                   = {11},
  Volume                   = {57}

@Book{national2006parkinson,
  Title                    = {Parkinson's Disease: Diagnosis and Management in Primary and Secondary Care},
  Author                   = {National Institute for Health and Clinical Excellence - Great Britain},
  Publisher                = {National Institute for Health and Clinical Excellence},
  Year                     = {2006},
  Series                   = {NICE clinical guideline},

  Owner                    = {leonardo},
  Timestamp                = {2012.06.06}
}

@inproceedings{sacsvmhms2014,
 title = {Design and Implementation of a Personal Health Monitoring System with an Effective SVM-based PVC Detection Algorithm in Cardiology},
 author = {Chen, Huan and Liao, Guo-Tan and Fan, Yao-Chung and Cheng, Bo-Chao and Chen, Cheng-Min and Kuo, Ting-Chun},
 series = {SAC '14},
 year = {2014}
} 

@Article{mazilu2015,
  Title                    = {A Wearable Assistant for Gait Training for Parkinson's Disease with Freezing of Gait in Out-of-the-Lab Environments},
  Author                   = {Mazilu, Sinziana and Blanke, Ulf and Dorfman, Moran and Gazit, Eran and Mirelman, Anat and M. Hausdorff, Jeffrey and Tr\"{o}ster, Gerhard},
  Journal                  = {ACM Trans. Interact. Intell. Syst.},
  Volume                   = {5},
  Year                     = {2015}
}

@Article{manumeterjbhi2014,
  Title                    = {The Manumeter: A Wearable Device for Monitoring Daily Use of the Wrist and Fingers},
  Author                   = {Friedman, N. and Rowe, J.B. and Reinkensmeyer, D.J. and Bachman, M.},
  Journal                  = {IEEE Journal of Biomedical and Health Informatics},
  Year                     = {2014},
  Number                   = {6},
  Volume                   = {18}
}

@Article{patel_monitoring_2009,
  Title                    = {Monitoring Motor Fluctuations in Patients With Parkinson's Disease Using Wearable Sensors},
  Author                   = {Patel, S. and Lorincz, K. and Hughes, R. and Huggins, N. and Growdon, J. and Standaert, D. and Akay, M. and Dy, J. and Welsh, M. and Bonato, P.},
  Journal                  = {IEEE Transactions on Information Technology in Biomedicine},
  Year                     = {2009},
  Number                   = {6},
  Volume                   = {13}
},

@InProceedings{robotgait2014,
  Title                    = {Vision based gait analysis on robotic walking stabilization system for patients with Parkinson's Disease},
  Author                   = {Chien-Ke Liao and Chung Dial Lim and Ching-Ying Cheng and Cheng-Ming Huang and Li-Chen Fu},
  Booktitle                = {IEEE International Conference on Automation Science and Engineering (CASE)},
  Year                     = {2014}
}

@InProceedings{bradykinesia2010,
  Title = {A comprehensive motor symptom monitoring and management system: The bradykinesia case},
  Author = {Cancela, J. and Pansera, M. and Arredondo, M.T. and Estrada, J.J. and Pastorino, M. and Pastor-Sanz, L. and Villalar, J.L.},
  Booktitle = {Engineering in Medicine and Biology Society (EMBC), International Conference of the IEEE},
  Year                     = {2010
}


@Article{alemdar2015,
  Title                    = {Daily Life Behaviour Monitoring for Health Assessment Using Machine Learning: Bridging the Gap Between Domains},
  Author                   = {Alemdar, Hande and Tunca, Can and Ersoy, Cem},
  Journal                  = {Personal Ubiquitous Computing},
  Volume                   = {19},
  Year                     = {2015}
}

@InProceedings{aarhus_negotiating_2010,
  Title                    = {Negotiating boundaries: managing disease at home},
  Author                   = {Aarhus, Rikke and Ballegaard, Stinne Aal√∏kke},
  Booktitle                = {Proceedings of the 28th International Conference on Human Factors in Computing Systems},
  Year                     = {2010}
}

@inproceedings{sacbespoke2014,
 title = {Bespoke Video Games to Provide Early Response Markers to Identify the Optimal Strategies for Maximizing Rehabilitation},
author = {Graziadio, S. and Davison, R. and Shalabi, K. and Sahota, K. M. A. and Ushaw, G. and Morgan, G. and Eyre, J. A.},
 booktitle = {Proceedings of the 29th Annual ACM Symposium on Applied Computing},
 series = {SAC '14},
 year = {2014}
} 


@InProceedings{brox11,
  Title                    = {Exergames for elderly: Social exergames to persuade seniors to increase physical activity},
  Author                   = {Brox, E. and Luque, L.F. and Evertsen, G.J. and Hernandez, J.E.G.},
  Booktitle                = {Pervasive Computing Technologies for Healthcare (PervasiveHealth)},
  Year                     = {2011}
}


@InProceedings{atkinson2010,
  Title                    = {Design of an introductory medical gaming environment for diagnosis and management of Parkinson's disease},
  Author                   = {Atkinson, S.D. and Narasimhan, V.L.},
  Booktitle                = {Trendz in Information Sciences Computing},
  Year                     = {2010}
}

@Article{synnott_wiipd_2012,
  Title                    = {WiiPD Objective Home Assessment of Parkinson's Disease Using the Nintendo Wii Remote},
  Author                   = {Synnott, J. and Chen, Liming and Nugent, {C.D.} and Moore, G.},
  Journal                  = {IEEE Transactions on Information Technology in Biomedicine},
  Year                     = {2012},
  Number                   = {6},
  Volume                   = {16}
}

@InCollection{gqmhci2009,
  Title                    = {New Health Information Systems (HIS) - Quality-in-Use Model Based on the GQM Approach and HCI Principles},
  Author                   = {Al-Nanih, Reem and Al-Nuaim, Hana and Ormandjieva, Olga},
  Booktitle                = {Human-Computer Interaction. Interacting in Various Application Domains},
  Year                     = {2009},
  Volume                   = {5613}
}


@Article{practical_guide_re2012,
  Title                    = {A Practical Guide to Requirements Elicitation Techniques Selection - An Empirical Study},
  Author                   = {Fares Anwar and Rozilawati Razali},
  Journal                  = {Middle-East Journal of Scientific Research},
  Year                     = {2012},
  Number                   = {8},
  Volume                   = {11}
}


@InProceedings{Uzor:2014:ILU:2611247.2557160,
  Title                    = {Investigating the Long-term Use of Exergames in the Home with Elderly Fallers},
  Author                   = {Uzor, Stephen and Baillie, Lynne},
  Booktitle                = {Proceedings of the 32Nd Annual ACM Conference on Human Factors in Computing Systems},
  Year                     = {2014}
}


@Book{mcginnis2013biomechanics,
  Title                    = {Biomechanics of Sport and Exercise},
  Author                   = {McGinnis, P.},
  Publisher                = {Human Kinetics},
  Year                     = {2013},
  Address                  = {New York, NY, USA},
  Edition                  = {3rd}
}

@Book{kantardzic2011data,
  Title                    = {Data Mining: Concepts, Models, Methods, and Algorithms},
  Author                   = {Kantardzic, M.},
  Publisher                = {John Wiley \& Sons},
  Year                     = {2011},
  Address                  = {Piscataway, NJ, USA},
  Edition                  = {2nd}
}


@InProceedings{gridsearchsvm2010,
  Title                    = {An Automatic Method for Selecting the Parameter of the Normalized Kernel Function to Support Vector Machines},
  Author                   = {Cheng-Hsuan Li and Chin-Teng Lin and Bor-Chen Kuo and Ho, H.-H.},
  Booktitle                = {International Conference on Technologies and Applications of Artificial Intelligence (TAAI)},
  Year                     = {2010}
}

@Article{exergamejbhi2014,
  Title                    = {Designing a Robust Activity Recognition Framework for Health and Exergaming Using Wearable Sensors},
  Author                   = {Alshurafa, N. and Wenyao Xu and Liu, J.J. and Ming-Chun Huang and Mortazavi, B. and Roberts, C.K. and Sarrafzadeh, M.},
  Journal                  = {IEEE Journal of Biomedical and Health Informatics},
  Year                     = {2014},
  Volume                   = {18}
}


@Article{arntzen_game_2011,
  Title                    = {Game based Learning to Enhance Cognitive and Physical Capabilities of Elderly People: Concepts and Requirements},
  Author                   = {Arntzen, Aurelie},
  Journal                  = {World Academy of Science Engineering and Technology},
  Year                     = {2011},
  Edition                  = {60}
}





@Article{Cho2009,
  Title                    = {A vision-based analysis system for gait recognition in patients with Parkinson's disease},
  Author                   = {Cho, Chien-Wen and Chao, Wen-Hung and Lin, Sheng-Huang and Chen, You-Yin},
  Journal                  = {Expert Systems with Applications},
  Year                     = {2009},
  Volume                   = {36}
}

@Article{visionbased2009,
  Title                    = {A vision-based analysis system for gait recognition in patients with Parkinson's disease},
  Author                   = {Cho, Chien-Wen and Chao, Wen-Hung and Lin, Sheng-Huang and Chen, You-Yin},
  Journal                  = {Expert Systems with Applications},
  Year                     = {2009},
  Volume                   = {36}
}

@Article{preditive2014,
  Title                    = {Predictive Monitoring of Mobile Patients by Combining Clinical Observations With Data From Wearable Sensors},
  Author                   = {Clifton, L. and Clifton, D.A. and Pimentel, M.A.F. and Watkinson, P.J. and Tarassenko, L.},
  Journal                  = {Biomedical and Health Informatics, IEEE Journal of},
  Year                     = {2014},

  Month                    = {May},
  Number                   = {3},
  Volume                   = {18}

}

@Article{comparisonparkinson2010,
  Title                    = {A comparison of multiple classification methods for diagnosis of Parkinson disease },
  Author                   = {Resul Das},
  Journal                  = {Expert Systems with Applications },
  Year                     = {2010},
  Number                   = {2},
  Volume                   = {37}
}


@Book{dataconcept2011,
  Title                    = {Data Mining: Concepts and Techniques},
  Author                   = {Han, Jiawei and Kamber, Micheline and Pei, Jian},
  Publisher                = {Morgan Kaufmann Publishers Inc.},
  Year                     = {2011},

  Address                  = {San Francisco, CA, USA},
  Edition                  = {3rd},
  Owner                    = {leonardo},
  Timestamp                = {2015.06.17}
}


@Article{guideparkinson2014,
  Title                    = {Design guidelines for developing customised serious games for Parkinson‚Äôs Disease rehabilitation using bespoke game sensors},
  Author                   = {Ioannis Theoklitos Paraskevopoulosa, Emmanuel Tseklevesb, Cathy Craigc, Caroline Whyattc and John Cosmasd},
  Journal                  = {Entertainment Computing},
  Year                     = {2014},
  Volume                   = {5}
}


@Article{kikuchi2007mot,
  Title                    = {Motor fluctuations in Parkinson's disease.},
  Author                   = {Kikuchi, S.},
  Journal                  = {Journal of Neurology},
  Year                     = {2007},
  Number                   = {Supplement 5},
  Volume                   = {254}
}





@INPROCEEDINGS{cbmshms2015,
title={A Health Mobile Application and Architecture to Support and Automate In-home Consultation},
author={Vieira Araujo, L. and Canezim Letti, B. and Tozato Cantagalli, F. and Scardine Silva, G. and Pilavjian Ehlert, P. and Quirino Araujo, L.M.},
booktitle={International Symposium on Computer-Based Medical Systems (CBMS)},
year={2015}
}



@INPROCEEDINGS{cbmsparkglove2015,
title={Quantitative evaluation of Parkinson's disease using sensor based smart glove},
author={Niazmand, K. and Tonn, K. and Kalaras, A. and Fietzek, U.M. and Mehrkens, J.H. and Lueth, T.C.},
booktitle={International Symposium on Computer-Based Medical Systems (CBMS)},
year={2011}}


@inproceedings{gabel2012,
	title = {Full {Body} {Gait} {Analysis} with {Kinect}},
	booktitle = {Annual International Conference of the IEEE Engineering in Medicine and Biology Society (EMBC)},
	author = {Gabel, Moshe and Renshaw, Erin and Schuster, Assaf and Gilad-Bachrach, Ran},
	year = {2012}
}

@INPROCEEDINGS{cbmshandwriting2015,
title={A Step Towards the Automated Diagnosis of Parkinson's Disease: Analyzing Handwriting Movements},
author={Pereira, C.R. and Pereira, D.R. and Da Silva, F.A. and Hook, C. and Weber, S.A.T. and Pereira, L.A.M. and Papa, J.P.},
booktitle={International Symposium on Computer-Based Medical Systems (CBMS)},
year={2015}}


@Book{datamining2005,
  Title                    = {Data Mining: Practical Machine Learning Tools and Techniques, Second Edition (Morgan Kaufmann Series in Data Management Systems)},
  Author                   = {Witten, Ian H. and Frank, Eibe},
  Publisher                = {Morgan Kaufmann Publishers Inc.},
  Year                     = {2005},

  Address                  = {San Francisco, CA, USA},

  File                     = {:C\:\\Users\\leonardo\\Dropbox\\livros\\Data Mining Practical Machine Learning Tools and Techniques 3rd Edition-Mantesh.pdf:PDF},
  Optibn                   = {0120884070},
  Owner                    = {leonardo},
  Timestamp                = {2013.08.30}
}

@Book{datamining2005,
  Title                    = {Data Mining: Practical Machine Learning Tools and Techniques},
  Author                   = {Witten, Ian H. and Frank, Eibe},
  Publisher                = {Morgan Kaufmann Publishers Inc.},
  Year                     = {2011},

  Address                  = {San Francisco, CA, USA},
  Edition                  = {3rd}
}


@Article{lemoyne_implementation_2010,
  Title                    = {Implementation of an iPhone for characterizing Parkinson's disease tremor through a wireless accelerometer application},
  Author                   = {Lemoyne, Robert and Mastroianni, Timothy and Cozza, Michael and Coroian, Cristian and Grundfest, Warren},
  Journal                  = {Annual International Conference of the IEEE Engineering in Medicine and Biology Society},
  Year                     = {2010},
  
}

@inproceedings{sacsvmhms2014,
 title = {Design and Implementation of a Personal Health Monitoring System with an Effective SVM-based PVC Detection Algorithm in Cardiology},
 author = {Chen, Huan and Liao, Guo-Tan and Fan, Yao-Chung and Cheng, Bo-Chao and Chen, Cheng-Min and Kuo, Ting-Chun},
 series = {SAC '14},
 year = {2014}
} 

%---


@ARTICLE{bowman:reasoning,
	AUTHOR = "Mic Bowman and Saumya K. Debray and Larry L. Peterson",
	TITLE = "Reasoning About Naming Systems",
	JOURNAL = "ACM Trans. Program. Lang. Syst.",
	VOLUME = {15},
	NUMBER = {5},
	PAGES = {795-825},
	MONTH = "November",
	YEAR = {1993}	}

@ARTICLE{braams:babel,
	AUTHOR = "Johannes Braams",
	TITLE = "Babel, a Multilingual Style-Option System for Use with LaTeX's Standard Document Styles",
	JOURNAL = {TUGboat},
	VOLUME = {12},
	NUMBER = {2},
	PAGES = {291-301},
	MONTH = "June",
	YEAR = {1991}	}

@INPROCEEDINGS{clark:pct,
	AUTHOR = "Malcolm Clark",
	TITLE = "Post Congress Tristesse",
	BOOKTITLE = "TeX90 Conference Proceedings",
	PAGES = "84-89",
	ORGANIZATION = "TeX Users Group",
	MONTH = "March", 
	YEAR = {1991}	}

@ARTICLE{herlihy:methodology,
	AUTHOR = "Maurice Herlihy",
	TITLE = "A Methodology for Implementing Highly Concurrent
	Data Objects",
	JOURNAL = {ACM Trans. Program. Lang. Syst.},
	VOLUME = {15},
	NUMBER = {5},
	PAGES = {745-770},
	MONTH = "November",
	YEAR = {1993}	}

@BOOK{Lamport:LaTeX,
	AUTHOR = "Leslie Lamport",
	TITLE = "LaTeX User's Guide and Document Reference Manual",
	PUBLISHER = "Addison-Wesley Publishing Company",
	ADDRESS = "Reading, Massachusetts",
	YEAR = "1986"	}

@BOOK{salas:calculus,
	AUTHOR = "S.L. Salas and Einar Hille",
	TITLE = "Calculus: One and Several Variable",
	PUBLISHER = "John Wiley and Sons",
	ADDRESS = "New York",
	YEAR = "1978"	}
    
    
    