@MastersThesis{valt2010,
  Title                    = {Análise Comparativa dos classificadores Máquinas de Suporte Vectorial e Redes Neuronais Artificiais: Aplicação na detecção de Peões e Veículos},
  Author                   = {Valter Filipe Carnim Gonçalves},
  School                   = {Universidade de Coimbra},
  Year                     = {2010},
  Type                     = {Dissertação de Mestrado},
  Owner                    = {leonardo},
  Timestamp                = {2014.01.30}
}
@MastersThesis{elicquest05,
  Title                    = {Elicitação de Requisitos de Software Através da Utilização de Questionários},
  Author                   = {Paulo Roberto de Oliveira Bastos Junior},
  School                   = {PUC-Rio},
  Year                     = {2005},
  Type                     = {Dissertação de Mestrado},
  File                     = {:C\:\\Users\\leonardo\\Dropbox\\doutorado ufcg\\bibliografia\\gqm\\dissertacao - paulo - gqm - julio cesar leite.PDF:PDF},
  Owner                    = {leonardo},
  Timestamp                = {2014.02.16}
}
@MastersThesis{antonio2013,
  Title                    = {Arcabouço de Software para a Aquisição de Dados de Saúde Através de Jogos Eletrônicos},
  Author                   = {Antônio Dias dos Santos Júnior},
  School                   = {Universidade Federal de Campina Grande},
  Year                     = {2013},
  Type                     = {Dissertação de Mestrado},
  Owner                    = {leonardo},
  Timestamp                = {2013.05.18}
}
@MastersThesis{svm-cg-2002,
  Title                    = {Teoria e Aplicação de Support Vector Machines à Aprendizagem e Reconhecimento de Objetos Baseado na Aparência},
  Author                   = {Eulanda Miranda dos Santos},
  School                   = {Universidade Federal de Campina Grande},
  Year                     = {2002},
  Type                     = {Dissertação de Mestrado},
  File                     = {:C\:\\Users\\leonardo\\Dropbox\\doutorado ufcg\\bibliografia\\svm\\Dissertacao_EulandaMirandadosSantos.pdf:PDF},
  Owner                    = {leonardo},
  Timestamp                = {2013.06.18}
}
@MastersThesis{saraiva2006,
  Title                    = {Utilização da Abordagem Goal-Question-Metrics (GQM) Na Elaboração e Execução de Planos de Avaliação de Usabilidade de Software: Um Estudo Empírico Sobre Um Software Agropecuário},
  Author                   = {Alessandra Vilches Saraiva},
  School                   = {Universidade Metodista De Piracicaba},
  Year                     = {2006},
  Type                     = {Dissertação de Mestrado},
  Owner                    = {leonardo},
  Timestamp                = {2014.02.16}
}
@MastersThesis{vicini2005,
  Title                    = {Análise Multivariada Da Teoria À Prática},
  Author                   = {Lorena Vicini},
  School                   = {Universidade Federal de Santa Maria},
  Year                     = {2005},
  Type                     = {Dissertação de Mestrado},
  File                     = {:C\:\\Users\\leonardo\\Dropbox\\doutorado ufcg\\gaitdb\\pcatutorial\\analise multivariada da teoria a pratica -.pdf:PDF},
  Owner                    = {leonardo},
  Timestamp                = {2014.01.09}
}



@Book{albanese2012,
  Title                    = {Hyperkinectic Movement Disorder - Diferential Diagnosis and Treatment},
  Author                   = {Albanese, Alberto and Jankovic, Joseph},
  Publisher                = {Wiley-Blackwell},
  Year                     = {2012}  
}


@Book{algebra90,
  Title                    = {Álgebra Linear E Aplicações},
  Author                   = {Carlos Callioli and Hygino Domingues and Roberto Costa},
  Publisher                = {Atual},
  Year                     = {1990}
}

@Book{statisticshandbook2009,
  Title                    = {Nist/Sematech Engineering Statistics Handbook},
  Author                   = {Charline Cleraux and Carroll Croarkin and James Filliben and Will Guthrie and  Alan Heckert and Mark Reeder and Tom Ryan and Jolene Splett and Nien-Fan Zhang},
  Editor                   = {ITL Statistical Engineering Division},
  Year                     = {2003}  
}
@Book{do2007parkinson,
  Title                    = {Parkinson's Disease: Diagnosis Clinical Management},
  Author                   = {Stewart Do and William Weiner},
  Publisher                = {Demos Medical Publishing},
  Year                     = {2007}
}

@Book{statisticterms2006,
  Title                    = {The Oxford Dictionary of Statistical Terms},
  Author                   = {Yadolah Dodge and David Cox and Daniel Commenges and Anthony Davison and Patty Solomon and Suzan Wilson},
  Editor                   = {The Internationall Statistical Institute},
  Publisher                = {Oxford University Press},
  Year                     = {2006}
}

@Book{fli04,
  Title                    = {Pesquisa Qualitativa},
  Author                   = {Uwe Flick},
  Publisher                = {Bookman},
  Year                     = {2004}
}

@Book{hamill1999bases,
  Title                    = {Bases Biomecânicas do Movimento Humano},
  Author                   = {Joseph Hamill and Kathleen Knutzen},
  Editor                   = {Manole},
  Year                     = {2012}
}


@Book{national2006parkinson,
  Title                    = {Parkinson's Disease: Diagnosis and Management in Primary and Secondary Care},
  Author                   = {National Institute for Health and Clinical Excellence},
  Editor                   = {NICE clinical guideline},
  Year                     = {2006}
}

@Book{limongi2002,
  Title                    = {Conhecendo Melhor A Doença De Parkinson: Uma Abordagem Multidisciplinar Com Orientações Práticas Para O Dia-A-Dia},
  Author                   = {João Carlos Papaterra Limongi},
  Editor                   = {Plexus},
  Year                     = {2001},
}

@Book{mcginnis2013biomechanics,
  Title                    = {Biomechanics of Sport and Exercise},
  Author                   = {Peter McGinnis},
  Publisher                = {Human Kinetics},
  Year                     = {2013}
}

@Book{moore2011basics,
  Title                    = {Basics of Game Design},
  Author                   = {Michael Moore},
  Publisher                = {Taylor \& Francis Group},
  Year                     = {2011}
}

@Book{protpar010,
  Title                    = {Protocolo Clínico E Diretrizes Terapêutica - Doença de Parkinson},
  Author                   = {Paulo Picon and Maria Gadelha and Alberto Beltrame},
  Publisher                = {Ministério da Saúde},
  Year                     = {2010}
}

@Book{rowlandtratado,
  Title                    = {Tratado De Neurologia},
  Author                   = {Lewis Rowland},
  Publisher                = {Guanabara Koogan},
  Year                     = {2011}
}

@Book{sommerville2011,
  Title                    = {Engenharia de software},
  Author                   = {Ian Sommerville},
  Publisher                = {Pearson},
  Year                     = {2011}
}

@Book{menezes2003,
  Title                    = {Doença De Parkinson},
  Author                   = {Murilo Meneses and Hélio Teive},
  Publisher                = {Guanabara Koogan},
  Year                     = {2003}
}

@Book{van1999goal,
  Title                    = {The Goal/Question/Metric Method: A Practical Guide for Quality Improvement of Software Development},
  Author                   = {Rini Solingen and Egon Berghout},
  Publisher                = {McGraw-Hill},
  Year                     = {1999}
}

@Book{vapnik95,
  Title                    = {The Nature of Statistical Learning Theory},
  Author                   = {Vladimir Vapnik},
  Publisher                = {Springer-Verlag New York, Inc.},
  Year                     = {1995}
}

@Book{datamining2005,
  Title                    = {Data Mining: Practical Machine Learning Tools and Techniques},
  Author                   = {Ian Witten and Eibe Frank},
  Publisher                = {Morgan Kaufmann Publishers Inc.},
  Year                     = {2011}
}


@Article{vedolin2003,
  Title                    = {Avaliação da doença de Parkinson pela ressonância magnética},
  Author                   = {Leonardo Vedolin},
  Journal                  = {Radiologia Brasileira},
  Year                     = {2003}
}


@Article{biomecanica99,
  Title                    = {Introdução à Biomecânica para Análise do Movimento Humano},
  Author                   = {Amadio, Armando and Costa, Paulo and Sacco, Isabel and Serrão, Júlio and Araujo, Rubens and Mochizuki, Luiz},
  Journal                  = {Revista Brasileira De Fisioterapia},
  Year                     = {1999}
}


@Article{alemdar,
  Title                    = {Wireless Sensor Networks for Healthcare: A Survey},
  Author                   = {Alemdar, Hande and Ersoy, Cem},
  Journal                  = {Computer Networks},
  Year                     = {2010}
}

@Article{alemdar2015,
  Title                    = {Daily Life Behaviour Monitoring for Health Assessment Using Machine Learning: Bridging the Gap Between Domains},
  Author                   = {Alemdar, Hande and Tunca, Can and Ersoy, Cem},
  Journal                  = {Personal Ubiquitous Computing},
  Year                     = {2015}
}

@Article{bardram2010,
  Title                    = {Pervasive Healthcare - Paving the Way for a Pervasive, User-Centered and Preventive Healthcare Model},
  Author                   = {Arnrich, Bert and Mayora, Oscar and Bardram, Jakob and e Tr{\"{o}}ster, Gerhard},
  Journal                  = {Methods of Information in Medicine},
  Year                     = {2010}
}

@Article{arntzen2011,
  Title                    = {Game based Learning to Enhance Cognitive and Physical Capabilities of Elderly People: Concepts and Requirements},
  Author                   = {Aurelie Aurilla Bechina Arntzen},
  Journal                  = {World Academy of Science Engineering and Technology},
  Year                     = {2011}
}
@Article{visionbased2009,
  Title                    = {A vision-based analysis system for gait recognition in patients with Parkinson's disease},
  Author                   = {Cho, Chien-Wen and Chao, Wen-Hung and Lin, Sheng-Huang and Chen, You-Yin},
  Journal                  = {Expert Syst. Appl.},
  Year                     = {2009}
}
@Article{prevcronica2009,
  Title                    = {Prevalência de doenças crônicas e estado nutricional em um grupo de idosos brasileiros},
  Author                   = {Christiane Leite-Cavalcanti and Maria da Concei{\c{c}}{\~a}o Rodrigues-Gon{\c{c}}alves and Luiza Sonia Rios-Asciutti and Alessandro Leite-Cavalcanti},
  Journal                  = {Rev. salud p{\'u}blica.},
  Year                     = {2009}
}
@Article{homecarebrazil2011,
  Title                    = {The Utilization of Home Care by the Elderly in Brazil's Primary Health Care System},
  Author                   = {Elaine Thumé, Luiz Augusto Facchini, Grace Wyshak and Paul Campbell},
  Journal                  = {Am J Public Health},
  Year                     = {2011}
}
@Article{manumeterjbhi2014,
  Title                    = {The Manumeter: A Wearable Device for Monitoring Daily Use of the Wrist and Fingers},
  Author                   = {Friedman, N. and Rowe, J.B. and Reinkensmeyer, D.J. and Bachman, M.},
  Journal                  = {IEEE Journal of Biomedical and Health Informatics},
  Year                     = {2014}
}
@Article{gabel2012,
  Title                    = {Full body gait analysis with Kinect.},
  Author                   = {Gabel, Moshe and Gilad-Bachrach, Ran and Renshaw, Erin and Schuster, Assaf},
  Journal                  = {Conf Proc IEEE Eng Med Biol Soc},
  Year                     = {2012}
}
@Article{goul05,
  Title                    = {Uso de escalas para avaliação da doença de Parkinson em fisioterapia},
  Author                   = {Fátima Goulart and Luciana Xavier Pereira},
  Journal                  = {Fisioterapia e Pesquisa},
  Year                     = {2005}
}
@Article{stacey2011,
  Title                    = {Moving Beyond the Stigma: Systematic Review of Video Games and Their Potential to Combat Obesity},
  Author                   = {Guy, Stacey and Ratzki-Leewing, Alexandria and Gwadry-Sridhar, Femida},
  Journal                  = {International Journal of Hypertension},
  Year                     = {2011}
 }
}
@Article{Hoehn_Yahr_2001,
  Title                    = {Parkinsonism: onset, progression, and mortality. 1967.},
  Author                   = {Hoehn, M M and Yahr, M D},
  Journal                  = {Neurology},
  Year                     = {2001}
}
@Article{jankovic2008,
  Title                    = {Parkinson’s disease: clinical features and diagnosis},
  Author                   = {Jankovic, J},
  Journal                  = {Journal of Neurology, Neurosurgery \& Psychiatry},
  Year                     = {2008}
}
@Article{keijsers2006,
  Title                    = {Ambulatory motor assessment in Parkinson's disease.},
  Author                   = {Keijsers, N. L. and Horstink, M. W. and Gielen, S. C.},
  Journal                  = {Movement disorders : official journal of the Movement Disorder Society},
  Year                     = {2006}
}
@Article{kostek12,
  Title                    = {Automatic assessment of the motor state of the Parkinson's disease patient - a case study.},
  Author                   = {Kostek, Bozena and Kaszuba, Katarzyna and Zwan, Pawel and Robowski, Piotr and Slawek, Jaroslaw},
  Journal                  = {Diagn Pathol},
  Year                     = {2012}
}
@Article{wiigraves2008,
  Title                    = {Energy expenditure in adolescents playing new generation computer games},
  Author                   = {L Graves, G Stratton, ND Ridgers and NT Cable .},
  Journal                  = {Br J Sports Med},
  Year                     = {2008}
}
@Article{mazilu2015,
  Title                    = {A Wearable Assistant for Gait Training for Parkinson\&Rsquo;s Disease with Freezing of Gait in Out-of-the-Lab Environments},
  Author                   = {Mazilu, Sinziana and Blanke, Ulf and Dorfman, Moran and Gazit, Eran and Mirelman, Anat and M. Hausdorff, Jeffrey and Tr\"{o}ster, Gerhard},
  Journal                  = {ACM Transactions Interactive Intelligent Systems},
  Year                     = {2015}
}
@Article{rodrigues2006,
  Title                    = {Estratégia Para O Tratamento Com Levodopa Na Doença De Parkinson},
  Author                   = {Milena Rodrigues, Luciane Costa Campos},
  Journal                  = {Revista Analytica},
  Year                     = {2006}
}
@Article{healthmonitoring2013,
  Title                    = {Health Monitoring for Elderly: An Application Using Case-Based Reasoning and Cluster Analysis},
  Author                   = {Mobyen Uddin Ahmed, Hadi Banaee, and Amy Loutfi},
  Journal                  = {ISRN Artificial Intelligence},
  Year                     = {2013}
}
@Article{Papastergiou:2009:EPC:1570538.1570707,
  Title                    = {Exploring the potential of computer and video games for health and physical education: A literature review},
  Author                   = {Papastergiou, Marina},
  Journal                  = {Computation Education},
  Year                     = {2009}
}
@Article{patel_monitoring_2009,
  Title                    = {Monitoring Motor Fluctuations in Patients With Parkinson's Disease Using Wearable Sensors},
  Author                   = {Patel, S. and Lorincz, K. and Hughes, R. and Huggins, N. and Growdon, J. and Standaert, D. and Akay, M. and Dy, J. and Welsh, M. and Bonato, P.},
  Journal                  = {{IEEE} Transactions on Information Technology in Biomedicine},
  Year                     = {2009}
}
@Article{Sinclair:2009:UVB:1515604.1515617,
  Title                    = {Using a Virtual Body to Aid in Exergaming System Development},
  Author                   = {Sinclair, Jeff and Hingston, Philip and Masek, Martin and Nosaka, Kazunori (Ken)},
  Journal                  = {IEEE Computer Graphics Applications},
  Year                     = {2009}
}
@Article{Storni:2014:DCU:2628458.2628474,
  Title                    = {Design Challenges for Ubiquitous and Personal Computing in Chronic Disease Care and Patient Empowerment: A Case Study Rethinking Diabetes Self-monitoring},
  Author                   = {Storni, Cristiano},
  Journal                  = {Personal Ubiquitous Computing},
  Year                     = {2014}
}
@Article{sweetser2005-gameflow,
  Title                    = {GameFlow: a model for evaluating player enjoyment in games},
  Author                   = {Sweetser, Penelope and Wyeth, Peta},
  Journal                  = {Computation Entertainment},
  Year                     = {2005}
}
@Article{synnott_wiipd_2012,
  Title                    = {WiiPD Objective Home Assessment of Parkinson's Disease Using the Nintendo Wii Remote},
  Author                   = {Synnott, J. and Chen, Liming and Nugent, {C.D.} and Moore, G.},
  Journal                  = {IEEE Transactions on Information Technology in Biomedicine},
  Year                     = {2012}
}
@Article{gaitusingsensorsreview2012,
  Title                    = {Gait Analysis Using Wearable Sensors},
  Author                   = {Tao, Weijun and Liu, Tao and Zheng, Rencheng and Feng, Hutian},
  Journal                  = {Sensors},
  Year                     = {2012}
}
@Article{tolosa06,
  Title                    = {The Diagnosis Of Parkinson's Disease},
  Author                   = {Tolosa, Eduardo and Wenning, Gregor and Poewe, Werner},
  Journal                  = {The Lancet Neurology},
  Year                     = {2006}
}
@Article{ambulatoryparkinson2010,
  Title                    = {Ambulatory Monitoring of Activities and Motor Symptoms in Parkinson's Disease},
  Author                   = {Zwartjes, D.G.M. and Heida, T. and van Vugt, J.P.P. and Geelen, J.A.G. and Veltink, P.H.},
  Journal                  = {IEEE Transactions on Biomedical Engineering},
  Year                     = {2010}
}


@TechReport{ageing2011,
  Title                    = {Global Health and ageing},
  Author                   = {World Health Organization},
  Institution              = {Who; US National Institute of Aging},
  Year                     = {2011}
}
@TechReport{sinclair07,
  Title                    = {Considerations for the design of exergames},
  Author                   = {Sinclair, Jeff and Hingston, Philip and Masek, Martin},
  Institution              = {ACM Special Interest Group on Computer Graphics and Interactive Techniques},
  Year                     = {2007}
}
@Misc{esa2011,
  Title                    = {Essential Facts about the U.S. Computer and Video Game Industry},

  Author                   = {Entertainment Software Association},
  Year                     = {2011}
}
@Misc{peakdetect,
  Title                    = {Peak Detection in Matlab},
  Author                   = {Eli Billauer},
  HowPublished             = {\textit{Software}, {D}isponível em: http://www.billauer.co.il/peakdet.html},
  Year                     = {2012}
}
@Misc{matlab2011,
  Title                    = {Matlab R2011a},
  Author                   = {Mathworks},
  HowPublished             = {\textit{Software}, {D}isponível em: http://mathworks.com/},
  Note                     = {Último acesso: 23 de Novembro de 2015}  
}

@Misc{unity3d,
  Title                    = {Unity 3D 3.0},

  Author                   = {Unity Technologies},
  HowPublished             = {\textit{Software}, {D}isponível em: http://unity3d.com/},
  Note                     = {Último acesso: 23 de Novembro de 2015} 
}
@Electronic{zigfu,
  Title                    = {Zigfu 4.0},

  Author                   = {Zigfu},
  HowPublished             = {\textit{Software}, {D}isponível em: http://zigfu.com/},
  Note                     = {Último acesso: 23 de Novembro de 2015}  
}

@Misc{qda13,
  Title                    = {QDA MINER Lite v1.2.2},

  Author                   = {Provalis Research},
  HowPublished             = {\textit{Software}, {D}isponível em: http://provalisresearch.com/products/qualitative-data-analysis-software/},
  
  Note                     = {Último acesso: 23 de Novembro de 2015},  
}

@InProceedings{aarhus_negotiating_2010,
  Title                    = {Negotiating boundaries: managing disease at home},
  Author                   = {Aarhus, Rikke and Ballegaard, Stinne Aal{\o}kke},
  Booktitle                = {International Conference on Human Factors in Computing Systems},
  Publisher                = {ACM},
  Year                     = {2010}
}
@InProceedings{bachlin_parkinsons_2009,
  Title                    = {Parkinsons disease patients perspective on context aware wearable technology for auditive assistance},
  Author                   = {Bachlin, M. and Plotnik, M. and Roggen, D. and Inbar, N. and Giladi, N. and Hausdorff, J. and Tr\"{o}ster, G.},
  Booktitle                = {International Conference on Pervasive Computing Technologies for Healthcare},
  Publisher                = {IEEE},
  Year                     = {2009}
}
@InProceedings{Ballegaard:2008:HEL:1357054.1357336,
  Title                    = {Healthcare in everyday life: designing healthcare services for daily life},
  Author                   = {Ballegaard, Stinne Aal{\o}kke and Hansen, Thomas Riisgaard and Kyng, Morten},
  Booktitle                = {Conference on Human factors in computing systems},
  Publisher                = {ACM},
  Year                     = {2008}
}
@InProceedings{berg03,
  Title                    = {Health status monitoring through analysis of behavioral patterns},
  Author                   = {Tracy Barger and Donald Brown and Majd Alwan},
  Booktitle                = {Congress of the Italian Association for Artificial Intelligence on Ambient Intelligence},
  Publisher                = {Springer-Verlag},
  Year                     = {2003}
}
@InProceedings{bartolome11,
  Title                    = {Can game-based therapies be trusted? Is game-based education effective? A systematic review of the Serious Games for health and education},
  Author                   = {Bartolome, N.A. and Zorrilla, A.M. and Zapirain, B.G.},
  Booktitle                = {International Conference on Computer Games},
  Publisher                = {ACM},
  Year                     = {2011}
  
}
@InProceedings{brox11,
  Title                    = {Exergames for elderly: Social exergames to persuade seniors to increase physical activity},
  Author                   = {Brox, E. and Luque, L.F. and Evertsen, G.J. and Hernandez, J.E.G.},
  Booktitle                = {International Conference on Pervasive Computing Technologies for Healthcare},
  Publisher                = {IEEE},
  Year                     = {2011}
}
@InProceedings{sacsvmhms2014,
  Title                    = {Design and Implementation of a Personal Health Monitoring System with an Effective SVM-based PVC Detection Algorithm in Cardiology},
  Author                   = {Chen, Huan and Liao, Guo-Tan and Fan, Yao-Chung and Cheng, Bo-Chao and Chen, Cheng-Min and Kuo, Ting-Chun},
  Booktitle                = {Symposium On Applied Computing},
  Publisher                = {ACM},
  Year                     = {2014}
}
@InProceedings{LeMoyne2009,
  Title                    = {Quantification of Parkinson's disease characteristics using wireless accelerometers},
  Author                   = {LeMoyne, R. and Coroian, C. and Mastroianni, T.},
  Booktitle                = {International Conference on Complex Medical Engineering},
  Publisher                = {CME},
  Year                     = {2009}
}
@InProceedings{lemoyne2010,
  Title                    = {Implementation of an iPhone for characterizing Parkinson's disease tremor through a wireless accelerometer application},
  Author                   = {LeMoyne, R. and Mastroianni, T. and Cozza, M. and Coroian, C. and Grundfest, W.},
  Booktitle                = {International Conference of Engineering in Medicine and Biology Society},
  Publisher                = {IEEE},
  Year                     = {2010}
}
@InProceedings{gridsearchsvm2010,
  Title                    = {An Automatic Method for Selecting the Parameter of the Normalized Kernel Function to Support Vector Machines},
  Author                   = {Cheng-Hsuan Li and Chin-Teng Lin and Bor-Chen Kuo and Ho, H.-H.},
  Booktitle                = {International Conference on Technologies and Applications of Artificial Intelligence},
  Publisher                = {IEEE},
  Year                     = {2010}
}
@InProceedings{robotgait2014,
  Title                    = {Vision based gait analysis on robotic walking stabilization system for patients with Parkinson's Disease},
  Author                   = {Chien-Ke Liao and Chung Dial Lim and Ching-Ying Cheng and Cheng-Ming Huang and Li-Chen Fu},
  Booktitle                = {International Conference on Automation Science and Engineering (CASE)},
  Publisher                = {IEEE},
  Year                     = {2014}
}
@InProceedings{maitland2009,
  Title                    = {Technological Approaches to Promoting Physical Activity},
  Author                   = {Maitland, Julie and Siek, Katie A.},
  Booktitle                = {Conference of the Australian Computer-Human Interaction Special Interest Group},
  Publisher                = {ACM},
  Year                     = {2009}
}
@InProceedings{bas00,
  Title                    = {Requirements Engineering: A Roadmap},
  Author                   = {Nuseibeh, Bashar and Easterbrook, Steve},
  Booktitle                = {Proceedings of the Conference on The Future of Software Engineering},
  Publisher                = {ACM},
  Year                     = {2000}
}
@InProceedings{finger2012,
  Title                    = {Severity estimation of finger-tapping caused by Parkinson's disease by using linear discriminant regression analysis},
  Author                   = {Sano, Y. and Kandori, A. and Miyoshi, T. and Tsuji, T. and Shima, K. and Yokoe, M. and Sakoda, S.},
  Booktitle                = {International Conference of Engineering in Medicine and Biology Society,},
  Publisher                = {EMBC},
  Year                     = {2012}
}

@InProceedings{Suhonen:2008:SFE:1457199.1457204,
  Title                    = {Seriously fun: exploring how to combine promoting health awareness and engaging gameplay},
  Author                   = {Suhonen, Katja and V\"{a}\"{a}t\"{a}j\"{a}, Heli and Virtanen, Tytti and Raisamo, Roope},
  Booktitle                = {International Conference on Entertainment and Media in the Ubiquitous Era},
  Publisher                = {ACM},
  Year                     = {2008}
}
@InCollection{updrs87,
  Title                    = {Unified Parkinson's disease rating scale.},
  Author                   = {Fahn, S. and Elton, R.},
  Booktitle                = {Recent developments in Parkinson's disease},
  Publisher                = {Macmillan Health Care Information},
  Year                     = {1987}
}
@InCollection{Mandryk2014,
  Title                    = {Designing Games to Discourage Sedentary Behaviour},
  Author                   = {Mandryk, ReganL. and Gerling, KathrinM. and Stanley, KevinG.},
  Booktitle                = {Playful User Interfaces},
  Publisher                = {Springer Singapore},
  Year                     = {2014}
}
@InCollection{zowghi2005,
  Title                    = {Requirements Elicitation: A Survey of Techniques, Approaches, and Tools},
  Author                   = {Zowghi, Didar and Coulin, Chad},
  Booktitle                = {Engineering and Managing Software Requirements},
  Publisher                = {Springer Berlin Heidelberg},
  Year                     = {2005}
}
@Electronic{kinnect2013,
  Title                    = {Ms-Kinnect},
  Author                   = {Microsoft},
  HowPublished             = {{D}isponível em: http://www.xbox.com/pt-BR/kinect},  
}

