% This file was created with JabRef 2.7b.
% Encoding: UTF-8

@INPROCEEDINGS{Aarhus2010,
  author = {Aarhus, Rikke and Ballegaard, Stinne Aal{\o}kke},
  title = {{Negotiating boundaries}},
  booktitle = {Proceedings of the 28th international conference on Human factors
	in computing systems - CHI '10},
  year = {2010},
  pages = {1223--1232},
  address = {New York, New York, USA},
  publisher = {ACM Press},
  doi = {10.1145/1753326.1753509},
  isbn = {9781605589299},
  url = {http://dl.acm.org/citation.cfm?id=1753509 http://portal.acm.org/citation.cfm?doid=1753326.1753509}
}

@INPROCEEDINGS{ahamed2007towards,
  author={Ahamed, Sheikh I and Talukder, Nilothpal and Kameas, Achilles D},
  title = {Towards privacy protection in pervasive healthcare},
  booktitle = {Intelligent Environments, 2007. IE 07. 3rd IET International Conference
	on},
  year = {2007},
  pages = {296--303},
  organization = {IET}
}

@ARTICLE{albanese2012,
  author={Albanese, Alberto and Jankovic, Joseph},
  title = {Distinguishing Clinical Features of Hyperkinetic Disorders},
  journal = {Hyperkinetic Movement Disorders: Differential Diagnosis and Treatment},
  year = {2012},
  pages = {1},
  publisher = {Wiley-Blackwell}
}

@ARTICLE{Alemdar2010,
  author = {Alemdar, Hande and Ersoy, Cem},
  title = {{Wireless sensor networks for healthcare: A survey}},
  journal = {Computer Networks},
  year = {2010},
  volume = {54},
  pages = {2688--2710},
  number = {15},
  month = oct,
  doi = {10.1016/j.comnet.2010.05.003},
  issn = {13891286},
  keywords = {pervasive healthcare,wireless sensor networks},
  publisher = {Elsevier B.V.},
  url = {http://linkinghub.elsevier.com/retrieve/pii/S1389128610001398}
}

@ARTICLE{annetta2010s,
  author={Annetta, Leonard A},
  title = {The \"I's\" have it: A framework for serious educational game design.},
  journal = {Review of General Psychology},
  year = {2010},
  volume = {14},
  pages = {105},
  number = {2},
  publisher = {Educational Publishing Foundation}
}

@ARTICLE{arntzen2011,
  author = {Arntzen, Aurelie},
  title = {Game based Learning to Enhance Cognitive and Physical Capabilities of Elderly People: Concepts and Requirements},
  journal = {World Academy of Science Engineering and Technology},
  year = {2011},
  edition = {60},
  timestamp = {2013.01.25}
}

@INPROCEEDINGS{Assad2011,
  author = {Assad, Oliver and Hermann, Robert and Lilla, Damian and Mellies,
	Bj\"{o}rn and Meyer, Ronald and Shevach, Liron and Siegel, Sandra
	and Springer, Melanie and Tiemkeo, Saranat and Voges, Jens and Others},
  title = {{WuppDi! Supporting Physiotherapy of Parkinsons Disease Patients
	via Motion-based Gaming}},
  booktitle = {Mensch and Computer 2011: 11. Fachubergreifende Konferenz fur Interaktive
	un Kooperative Medien \"{u}ber Medienjubermorgen},
  year = {2011},
  pages = {469},
  url = {http://books.google.com/books?hl=en\&amp;lr=\&amp;id=6U0qIA\_Vlb0C\&amp;oi=fnd\&amp;pg=PA469\&amp;dq=WuppDi+!+–+Supporting+Physiotherapy+of+Parkinson´s+Disease+Patients+via+Motion-based+Gaming\&amp;ots=lr-MAeFJMz\&amp;sig=gOJD-QBNK7Pw4tCK9pHIqEd1TAQ}
}

@ARTICLE{Atallah2012,
  author = {Atallah, Louis and Lo, Benny and Yang, Guang-Zhong},
  title = {{Can pervasive sensing address current challenges in global healthcare?}},
  journal = {Journal of Epidemiology and Global Health},
  year = {2012},
  volume = {2},
  pages = {1--13},
  number = {1},
  month = mar,
  doi = {10.1016/j.jegh.2011.11.005},
  issn = {22106006},
  publisher = {Ministry of Health, Saudi Arabia},
  url = {http://linkinghub.elsevier.com/retrieve/pii/S2210600612000020}
}

@INPROCEEDINGS{Atkinson2010,
  author={Atkinson, Stephen D and Narasimhan, V Lakshmi},
  title = {{Design of an introductory medical gaming environment for diagnosis and management of Parkinson's disease}},
  booktitle = {Trendz in Information Sciences \& Computing (TISC), 2010},
  year = {2010},
  pages = {94--102},
  publisher = {IEEE},
  isbn = {9781424490080},
  keywords = {- haptics,management,measurement of diagnosis and,medical gaming,parkinson,s
	disease,software architecture},
  url = {http://ieeexplore.ieee.org/xpls/abs\_all.jsp?arnumber=5714615}
}

@ARTICLE{Augusto:jucs_12_1,
  author = {Juan Carlos Augusto and Norman D. Black and H. Gerry McAllister and
	Paul J. McCullagh and Christopher D. Nugent},
  title = {Pervasive Health Management: New Challenges for Health Informatics},
  journal = {J. UCS},
  year = {2006},
  volume = {12},
  pages = {1--5},
  number = {1},
  month = {jan},
  date = {2006-01-28},
  url = {\url|http://www.jucs.org/jucs_12_1/pervasive_health_management_new|}
}

@INPROCEEDINGS{baker2007wireless,
  author={Baker, Chris R and Armijo, Kenneth and Belka, Simon and Benhabib, Merwan and Bhargava, Vikas and Burkhart, Nathan and Der Minassians, Artin and Dervisoglu, Gunes and Gutnik, Lilia and Haick, M Brent and others},
  title = {Wireless sensor networks for home health care},
  booktitle = {Advanced Information Networking and Applications Workshops, 2007,
	AINAW'07. 21st International Conference on},
  year = {2007},
  volume = {2},
  pages = {832--837},
  organization = {IEEE}
}

@inproceedings{Bonato2004,
  title={Data mining techniques to detect motor fluctuations in Parkinson's disease},
  author={Bonato, Paolo and Sherrill, Delsey M and Standaert, David G and Salles, Sara S and Akay, Metin},
  booktitle={Engineering in Medicine and Biology Society, 2004. IEMBS'04. 26th Annual International Conference of the IEEE},
  volume={2},
  pages={4766--4769},
  year={2004},
  organization={IEEE}
}

@ARTICLE{Clark2012372,
  author = {Ross A. Clark and Yong-Hao Pua and Karine Fortin and Callan Ritchie and Kate E. Webster and Linda Denehy and Adam L. Bryant},
  title = {Validity of the Microsoft Kinect for assessment of postural control},
  journal = {Gait \& Posture},
  year = {2012},
  volume = {36},
  pages = {372 - 377},
  number = {3},
  doi = {10.1016/j.gaitpost.2012.03.033},
  issn = {0966-6362},
  keywords = {Balance},
  url = {http://www.sciencedirect.com/science/article/pii/S0966636212001282}
}

@INPROCEEDINGS{Deterding2011,
  author = {Deterding, Sebastian and Dixon, Dan and Khaled, Rilla and Nacke,
	Lennart},
  title = {From game design elements to gamefulness: defining "gamification"},
  booktitle = {Proceedings of the 15th International Academic MindTrek Conference:
	Envisioning Future Media Environments},
  year = {2011},
  series = {MindTrek '11},
  pages = {9--15},
  address = {New York, NY, USA},
  publisher = {ACM},
  acmid = {2181040},
  doi = {10.1145/2181037.2181040},
  isbn = {978-1-4503-0816-8},
  keywords = {alternate reality games, game-based technologies, gameful design,
	gamefulness, games, gamification, pervasive games, play, playful
	design, playfulness, serious games},
  location = {Tampere, Finland},
  numpages = {7},
  url = {http://doi.acm.org/10.1145/2181037.2181040}
}

@ARTICLE{Elble2005,
  author={Elble, Rodger J},
  title = {Gravitational artifact in accelerometric measurements of tremor},
  journal = {Clinical Neurophysiology},
  year = {2005},
  volume = {116},
  pages = {1638 - 1643},
  number = {7},
  doi = {10.1016/j.clinph.2005.03.014},
  issn = {1388-2457},
  keywords = {Tremor},
  url = {http://www.sciencedirect.com/science/article/pii/S1388245705001318}
}

@INPROCEEDINGS{gabelfull,
  author={Gabel, Moshe and Renshaw, Erin and Schuster, Assaf and Gilad-Bachrach, Ran},
  title = {Full Body Gait Analysis with Kinect},
  booktitle = {Proceedings of the IEEE Engineering in Medicine and Biology Society
	2012},
  year = {2012},
  publisher = {IEEE}
}

@INPROCEEDINGS{Gouaux2003,
  author={Gouaux, F and Simon-Chautemps, L and Adami, S and Arzi, M and Assanelli, D and Fayn, J and Forlini, MC and Malossi, C and Martinez, A and Placide, J and others},
  title = {{Smart devices for the early detection and interpretation of cardiological syndromes}},
  booktitle = {Information Technology Applications in Biomedicine, 2003. 4th International IEEE EMBS Special Topic Conference on},
  year = {2003},
  pages = {291--294},
  publisher = {IEEE},
  isbn = {0780376676},
  keywords = {telemedicine,ecg analysis,medical informatics,quantitative electrocardiology,serial,soft
	computing},
  url = {http://ieeexplore.ieee.org/xpls/abs\_all.jsp?arnumber=1222535}
}

@INPROCEEDINGS{gobel2010serious,
  author={G{\"o}bel, Stefan and Hardy, Sandro and Wendel, Viktor and Mehm, Florian and Steinmetz, Ralf},
  title = {Serious games for health: personalized exergames},
  booktitle = {Proceedings of the international conference on Multimedia},
  year = {2010},
  pages = {1663--1666},
  organization = {ACM}
}

@INPROCEEDINGS{Hardy11,
  author = {Hardy, Sandro and {El Saddik}, Abdulmotaleb and Gobel, Stefan and
	Steinmetz, Ralf},
  title = {{Context aware serious games framework for sport and health}},
  booktitle = {2011 IEEE International Symposium on Medical Measurements and Applications},
  year = {2011},
  pages = {248--252},
  month = may,
  publisher = {IEEE},
  doi = {10.1109/MeMeA.2011.5966775},
  isbn = {978-1-4244-9336-4},
  keywords = {awareness,context,exergames,sensors,serious games for health,social
	networks,web services},
  url = {http://ieeexplore.ieee.org/xpls/abs\_all.jsp?arnumber=5966775 http://ieeexplore.ieee.org/lpdocs/epic03/wrapper.htm?arnumber=5966775}
}

@inproceedings{Jimison2008,
  title={Home-based cognitive monitoring using embedded measures of verbal fluency in a computer word game},
  author={Jimison, Holly and Pavel, Misha and Le, Thai},
  booktitle={Engineering in Medicine and Biology Society, 2008. EMBS 2008. 30th Annual International Conference of the IEEE},
  pages={3312--3315},
  year={2008},
  organization={IEEE}
}

@ARTICLE{Kato10,
  author = {Kato, Pamela M.},
  title = {{Video games in health care: Closing the gap}},
  journal = {Review of General Psychology},
  year = {2010},
  volume = {14},
  pages = {113--121},
  number = {2},
  doi = {10.1037/a0019441},
  issn = {1939-1552},
  url = {http://doi.apa.org/getdoi.cfm?doi=10.1037/a0019441}
}

@inproceedings{Kiss2011,
  title={Using smartphones in healthcare and to save lives},
  author={Kiss, Gabor},
  booktitle={Internet of Things (iThings/CPSCom), 2011 International Conference on and 4th International Conference on Cyber, Physical and Social Computing},
  pages={614--619},
  year={2011},
  organization={IEEE}
}

@ARTICLE{Ma07,
  author={Ma, Minhua and McNeill, Michael and Charles, Darryl and McDonough, Suzanne and Crosbie, Jacqui and Oliver, Louise and McGoldrick, Clare},
  title = {{Adaptive virtual reality games for rehabilitation of motor disorders}},
  journal = {Universal Access in Human-Computer Interaction. Ambient Interaction},
  year = {2007},
  pages = {681--690},
  doi = {10.1007/978-3-540-73281-5\_74},
  keywords = {adaptive games,bilateral training,motor disorder,serious games,therapeutic
	exercise,virtual reality},
  publisher = {Springer},
  url = {http://www.springerlink.com/index/91k16l16811h1101.pdf}
}

@INPROCEEDINGS{masuko2006fitness,
  author={Masuko, Soh and Hoshino, Junichi},
  title = {A fitness game reflecting heart rate},
  booktitle = {Proceedings of the 2006 ACM SIGCHI international conference on Advances
	in computer entertainment technology},
  year = {2006},
  pages = {53},
  organization = {ACM}
}

@INPROCEEDINGS{Motoi2009,
  author = {Motoi, Kosuke and Ogawa, Mitsuhiro and Ueno, Hiroshi and Kuwae, Yutaka
	and Ikarashi, Akira and Yuji, Tadahiko and Higashi, Yuji and Tanaka,
	Shinobu and Fujimoto, Toshiro and Asanoi, Hidetsugu and Others},
  title = {{A fully automated health-care monitoring at home without attachment
	of any biological sensors and its clinical evaluation}},
  booktitle = {Engineering in Medicine and Biology Society, 2009. EMBC 2009. Annual
	International Conference of the IEEE},
  year = {2009},
  volume = {2009},
  pages = {4323--4326},
  month = jan,
  publisher = {IEEE},
  doi = {10.1109/IEMBS.2009.5333712},
  isbn = {9781424432967},
  issn = {1557-170X},
  pmid = {19964354},
  url = {http://www.ncbi.nlm.nih.gov/pubmed/19964354 http://ieeexplore.ieee.org/xpls/abs\_all.jsp?arnumber=5333712}
}

@INPROCEEDINGS{OgawaTogawa03,
  author={Ogawa, Mitsuhiro and Togawa, Tatsuo},
  title = {The concept of the home health monitoring},
  booktitle = {Enterprise Networking and Computing in Healthcare Industry, 2003. Healthcom 2003. Proceedings. 5th International Workshop on},
  year = {2003},
  pages = {71--73},
  month = {june},
  doi = {10.1109/HEALTH.2003.1218721}
}

@ARTICLE{Pantelopoulos2010,
    author={Pantelopoulos, Alexandros and Bourbakis, Nikolaos G},
  title = {{A survey on wearable sensor-based systems for health monitoring and prognosis}},
  journal = {Systems, Man, and Cybernetics, Part C: Applications and Reviews, IEEE Transactions on},
  year = {2010},
  volume = {40},
  pages = {1--12},
  number = {1},
  publisher = {IEEE},
  url = {http://ieeexplore.ieee.org/xpls/abs\_all.jsp?arnumber=5306098}
}

@ARTICLE{Patel2009,
  author = {Patel, Shyamal and Lorincz, Konrad and Hughes, Richard and Huggins,
	Nancy and Growdon, John and Standaert, David and Akay, Metin and
	Dy, Jennifer and Welsh, Matt and Bonato, Paolo},
  title = {Monitoring motor fluctuations in patients with Parkinson's disease
	using wearable sensors},
  journal = {Trans. Info. Tech. Biomed.},
  year = {2009},
  volume = {13},
  pages = {864--873},
  number = {6},
  month = nov,
  acmid = {1721260},
  address = {Piscataway, NJ, USA},
  doi = {10.1109/TITB.2009.2033471},
  issn = {1089-7771},
  issue_date = {November 2009},
  keywords = {Body sensor networks, Parkinson\&\#x0027;s disease, Parkinson's disease,
	body sensor networks, support vector machines (SVMs), wearable sensors},
  numpages = {10},
  publisher = {IEEE Press},
  url = {http://dx.doi.org/10.1109/TITB.2009.2033471}
}

@INPROCEEDINGS{Pedro2012,
  author = {Pedro, Leonardo Marquez and {de Paula Caurin}, Glauco Augusto},
  title = {{Kinect evaluation for human body movement analysis}},
  booktitle = {2012 4th IEEE RAS \& EMBS International Conference on Biomedical
	Robotics and Biomechatronics (BioRob)},
  year = {2012},
  pages = {1856--1861},
  month = jun,
  publisher = {IEEE},
  doi = {10.1109/BioRob.2012.6290751},
  isbn = {978-1-4577-1200-5},
  url = {http://ieeexplore.ieee.org/lpdocs/epic03/wrapper.htm?arnumber=6290751}
}

@INPROCEEDINGS{rego2010serious,
author={Rego, Paula and Moreira, Pedro Miguel and Reis, Lu{\'\i}s Paulo},
  title = {Serious games for rehabilitation: A survey and a classification towards
	a taxonomy},
  booktitle = {Information Systems and Technologies (CISTI), 2010 5th Iberian Conference
	on},
  year = {2010},
  pages = {1--6},
  organization = {IEEE}
}

@ARTICLE{Riviere199777,
  author = {Cameron N. Riviere and Stephen G. Reich and Nitish V. Thakor},
  title = {Adaptive Fourier modeling for quantification of tremor},
  journal = {Journal of Neuroscience Methods},
  year = {1997},
  volume = {74},
  pages = {77 - 87},
  number = {1},
  doi = {10.1016/S0165-0270(97)02263-2},
  issn = {0165-0270},
  keywords = {Tremor},
  url = {http://www.sciencedirect.com/science/article/pii/S0165027097022632}
}

@MASTERSTHESIS{Sandlund2011,
  author = {Sandlund, Marlene},
  title = {{Motion interactive games for children with motor disorders Motivation
	, physical activity , and motor control}},
  school = {{Ume\aa University}},
  year = {2011},
  isbn = {9789174592023}
}

@ARTICLE{sherstyuk2010toward,
  author={Sherstyuk, Andrei and Vincent, Dale and Treskunov, Anton},
  title = {Toward natural selection in virtual reality},
  journal = {Computer Graphics and Applications, IEEE},
  year = {2010},
  volume = {30},
  pages = {93--96},
  number = {2},
  publisher = {IEEE}
}

@INPROCEEDINGS{sinclair2007considerations,
  author={Sinclair, Jeff and Hingston, Philip and Masek, Martin},
  title = {Considerations for the design of exergames},
  booktitle = {Proceedings of the 5th international conference on Computer graphics
	and interactive techniques in Australia and Southeast Asia},
  year = {2007},
  pages = {289--295},
  organization = {ACM}
}

@ARTICLE{SnehaVarshney09,
  author = {Sneha, Sweta and Varshney, Upkar},
  title = {Enabling ubiquitous patient monitoring: Model, decision protocols,
	opportunities and challenges},
  journal = {Decis. Support Syst.},
  year = {2009},
  volume = {46},
  pages = {606--619},
  month = {February},
  acmid = {1501413},
  address = {Amsterdam, The Netherlands, The Netherlands},
  doi = {10.1016/j.dss.2008.11.014},
  issn = {0167-9236},
  issue = {3},
  keywords = {Ad hoc wireless networks, Healthcare, Patient monitoring, Technology},
  numpages = {14},
  publisher = {Elsevier Science Publishers B. V.},
  url = {http://dl.acm.org/citation.cfm?id=1501042.1501413}
}

@ARTICLE{SpyersAshby1998,
  author = {J.M. Spyers-Ashby and P.G. Bain and S.J. Roberts},
  title = {A comparison of fast fourier transform (FFT) and autoregressive (AR)
	spectral estimation techniques for the analysis of tremor data},
  journal = {Journal of Neuroscience Methods},
  year = {1998},
  volume = {83},
  pages = {35 - 43},
  number = {1},
  doi = {10.1016/S0165-0270(98)00064-8},
  issn = {0165-0270},
  keywords = {Tremor analysis},
  url = {http://www.sciencedirect.com/science/article/pii/S0165027098000648}
}

@INPROCEEDINGS{stach2009classifying,
  author={Stach, Tadeusz and Graham, TC and Brehmer, Matthew and Hollatz, Andreas},
  title = {Classifying input for active games},
  booktitle = {Proceedings of the International Conference on Advances in Computer
	Enterntainment Technology},
  year = {2009},
  pages = {379--382},
  organization = {ACM}
}

@ARTICLE{Staiano201117,
  author = {Amanda E. Staiano and Sandra L. Calvert},
  title = {The promise of exergames as tools to measure physical health},
  journal = {Entertainment Computing},
  year = {2011},
  volume = {2},
  pages = {17 - 21},
  number = {1},
  note = {Video Games as Research Instruments},
  doi = {10.1016/j.entcom.2011.03.008},
  issn = {1875-9521},
  keywords = {Exergame},
  url = {http://www.sciencedirect.com/science/article/pii/S1875952111000188}
}

@MASTERSTHESIS{suhonen2009health,
  author = {Suhonen, Katja},
  title = {Health-Enhancing Games for Adolescents--User Study and Methods for
	Game Design and Evaluation},
  school = {Tampere University of Technology},
  year = {2009}
}

@INPROCEEDINGS{suhonen2008seriously,
  title={Seriously fun: exploring how to combine promoting health awareness and engaging gameplay},
  author={Suhonen, Katja and V{\"a}{\"a}t{\"a}j{\"a}, Heli and Virtanen, Tytti and Raisamo, Roope},
  booktitle={Proceedings of the 12th international conference on Entertainment and media in the ubiquitous era},
  pages={18--22},
  year={2008},
  organization={ACM}
}

@ARTICLE{Tartarisco20121296,
  author = {Gennaro Tartarisco and Giovanni Baldus and Daniele Corda and Rossella
	Raso and Antonino Arnao and Marcello Ferro and Andrea Gaggioli and
	Giovanni Pioggia},
  title = {Personal Health System architecture for stress monitoring and support
	to clinical decisions},
  journal = {Computer Communications},
  year = {2012},
  volume = {35},
  pages = {1296 - 1305},
  number = {11},
  doi = {10.1016/j.comcom.2011.11.015},
  issn = {0140-3664},
  keywords = {Pervasive healthcare architecture},
  url = {http://www.sciencedirect.com/science/article/pii/S0140366411003720}
}

@ARTICLE{Tong2012,
  author = {Jing Tong and Jin Zhou and Ligang Liu and Zhigeng Pan and Hao Yan},
  title = {Scanning 3D Full Human Bodies Using Kinects},
  journal = {Visualization and Computer Graphics, IEEE Transactions on},
  year = {2012},
  volume = {18},
  pages = {643 -650},
  number = {4},
  month = {april },
  doi = {10.1109/TVCG.2012.56},
  issn = {1077-2626},
  keywords = {Biological system modeling;Computational modeling;Geometry;Humans;Image
	reconstruction;Shape;Three dimensional displays;avatars;computer
	animation;interactive devices;solid modelling;3D full human body
	model scanning;3D human animation;3D scanning devices;Microsoft Kinect;depth
	camera;error distribution;global alignment algorithm;home-oriented
	virtual reality applications;loop closure problem;nonrigid deformation;personalized
	avatars;rough mesh template;successive frame deformation;3D Body
	Scanning;Microsoft Kinect;global non-igid registration;}
}

@INPROCEEDINGS{Urturi11,
  author = {de Urturi, Z.S. and Zorrilla, A.M. and Zapirain, B.G.},
  title = {Serious Game based on first aid education for individuals with Autism
	Spectrum Disorder (ASD) using android mobile devices},
  booktitle = {Computer Games (CGAMES), 2011 16th International Conference on},
  year = {2011},
  pages = {223 -227},
  month = {july},
  doi = {10.1109/CGAMES.2011.6000343},
  keywords = {ASD;Android mobile devices;Android operating system;autism spectrum
	disorder;first aid education;mobile phones;multimedia application;serious
	game;tablets;biomedical education;computer aided instruction;computer
	games;first aid;medical disorders;neurophysiology;operating system
	kernels;}
}

@BOOK{varshney2009pervasive,
  title = {{Pervasive Healthcare Computing: EMR/EHR, Wireless and Health Monitoring}},
  publisher = {Springer},
  year = {2009},
  author={Varshney, Upkar},
  pages = {282},
  doi = {10.1007/978-1-4419-0215-3\_2},
  isbn = {9781441902146},
  url = {http://books.google.com.br/books?id=f5NoQDpVy8oC}
}

@ARTICLE{Varshney07,
  author = {Upkar Varshney},
  title = {Pervasive healthcare and wireless health monitoring},
  journal = {Mobile Networks and Applications},
  year = {2007},
  volume = {12},
  pages = {113--127},
  month = {March},
  acmid = {1295207},
  address = {Hingham, MA, USA},
  doi = {http://dx.doi.org/10.1007/s11036-007-0017-1},
  issn = {1383-469X},
  issue = {2-3},
  issue_date = {March 2007},
  keywords = {ad hoc wireless networks, healthcare applications, location management,
	mobile and wireless networks, pervasive},
  numpages = {15},
  publisher = {Kluwer Academic Publishers},
  url = {http://dx.doi.org/10.1007/s11036-007-0017-1}
}

@inproceedings{Watters06,
  title={Extending the use of games in health Care},
  author={Watters, Carolyn and Oore, Sageev and Shepherd, Michael and Abouzied, Azza and Cox, Anthony and Kellar, Melanie and Kharrazi, Hadi and Liu, Fengan and Otley, Anthony},
  booktitle={System Sciences, 2006. HICSS'06. Proceedings of the 39th Annual Hawaii International Conference on},
  volume={5},
  pages={88b--88b},
  year={2006},
  organization={IEEE}
}

@book{van1999goal,
  title={The Goal/Question/Metric Method: a practical guide for quality improvement of software development},
  author={Van Solingen, Rini and Berghout, Egon},
  year={1999},
  publisher={McGraw-Hill}
}